<record><leader>00000cas a22000007a 4500</leader><controlfield tag="001">11172551</controlfield><controlfield tag="008">840919d18561878inuwr ne      0   a0eng d</controlfield><datafield ind1=" " ind2=" " tag="010"><subfield code="a">sn 84038034 </subfield></datafield><datafield ind1=" " ind2=" " tag="040"><subfield code="a">NPX</subfield><subfield code="b">eng</subfield><subfield code="c">NPX</subfield><subfield code="d">NPU</subfield><subfield code="d">NPI</subfield><subfield code="d">OCLCQ</subfield><subfield code="d">DLC</subfield><subfield code="d">OCLCF</subfield></datafield><datafield ind1="0" ind2=" " tag="022"><subfield code="a">2328-7756</subfield><subfield code="2">1</subfield></datafield><datafield ind1=" " ind2=" " tag="042"><subfield code="a">msc</subfield><subfield code="a">nsdp</subfield></datafield><datafield ind1=" " ind2=" " tag="043"><subfield code="a">n-us-in</subfield></datafield><datafield ind1="0" ind2="0" tag="050"><subfield code="a">Newspaper</subfield></datafield><datafield ind1="0" ind2="0" tag="082"><subfield code="a">071</subfield><subfield code="2">23</subfield></datafield><datafield ind1="0" ind2=" " tag="130"><subfield code="a">Marshall County Republican (Plymouth, Ind.)</subfield></datafield><datafield ind1=" " ind2="0" tag="222"><subfield code="a">Marshall County Republican</subfield><subfield code="b">(Plymouth, Ind. Print)</subfield></datafield><datafield ind1="1" ind2="0" tag="245"><subfield code="a">Marshall County Republican.</subfield></datafield><datafield ind1=" " ind2=" " tag="260"><subfield code="a">Plymouth, Ind. :</subfield><subfield code="b">I. Mattingly,</subfield><subfield code="c">1856-1878.</subfield></datafield><datafield ind1=" " ind2=" " tag="310"><subfield code="a">Weekly</subfield></datafield><datafield ind1="0" ind2=" " tag="362"><subfield code="a">Vol. 1, no. 1 (Oct. 9, 1856)-v. 22, no. 52 (Dec. 12, 1878).</subfield></datafield><datafield ind1=" " ind2=" " tag="515"><subfield code="a">Suspended due to fire with Mar. 19, 1857 issue; published an abbreviated issue on Apr. 17, 1857; resumed with Apr. 30, 1857 issue.</subfield></datafield><datafield ind1=" " ind2=" " tag="515"><subfield code="a">Suspended with May 13, 1875 issue; resumed with June 17, 1875 issue.</subfield></datafield><datafield ind1=" " ind2=" " tag="530"><subfield code="a">Archived issues are available in digital format as part of the Library of Congress Chronicling America online collection.</subfield></datafield><datafield ind1=" " ind2="0" tag="651"><subfield code="a">Plymouth (Ind.)</subfield><subfield code="v">Newspapers.</subfield></datafield><datafield ind1=" " ind2="7" tag="655"><subfield code="a">Newspapers.</subfield><subfield code="2">fast</subfield><subfield code="0">(OCoLC)fst01423814</subfield></datafield><datafield ind1=" " ind2="7" tag="651"><subfield code="a">Indiana</subfield><subfield code="z">Plymouth.</subfield><subfield code="2">fast</subfield><subfield code="0">(OCoLC)fst01218147</subfield></datafield><datafield ind1=" " ind2=" " tag="752"><subfield code="a">United States</subfield><subfield code="b">Indiana</subfield><subfield code="c">Marshall</subfield><subfield code="d">Plymouth.</subfield></datafield><datafield ind1="0" ind2="8" tag="776"><subfield code="i">Online version:</subfield><subfield code="t">Marshall County Republican (Plymouth, Ind. : Online)</subfield><subfield code="x">2328-7764</subfield><subfield code="w">(DLC)  2013218767</subfield><subfield code="w">(OCoLC)841381340</subfield></datafield><datafield ind1="0" ind2="0" tag="780"><subfield code="t">Plymouth weekly banner</subfield><subfield code="x">2332-4406</subfield><subfield code="w">(DLC)sn 87056242</subfield><subfield code="w">(OCoLC)15807193</subfield></datafield><datafield ind1="0" ind2="5" tag="780"><subfield code="t">Weekly mail and magnet</subfield><subfield code="w">(DLC)sn 87056253</subfield></datafield><datafield ind1="0" ind2="0" tag="785"><subfield code="t">Plymouth Republican</subfield><subfield code="w">(DLC)sn 87056243</subfield></datafield><datafield ind1="4" ind2="1" tag="856"><subfield code="u">http://chroniclingamerica.loc.gov/lccn/sn84038034/issues</subfield></datafield></record>